[gd_scene load_steps=11 format=2]

[ext_resource path="res://Scripts/level.gd" type="Script" id=1]
[ext_resource path="res://Rooms/start.png" type="Texture" id=2]
[ext_resource path="res://Scenes/BotY.tscn" type="PackedScene" id=3]
[ext_resource path="res://Scenes/Door.gd" type="Script" id=4]
[ext_resource path="res://Scenes/Mat.gd" type="Script" id=5]
[ext_resource path="res://Scenes/Poster.gd" type="Script" id=6]
[ext_resource path="res://Scenes/Hole.gd" type="Script" id=7]
[ext_resource path="res://Rooms/startpas.png" type="Texture" id=8]
[ext_resource path="res://Sounds/impact.ogg" type="AudioStream" id=9]

[sub_resource type="RectangleShape2D" id=1]
extents = Vector2( 18.8665, 20 )

[node name="lvl1" type="Node2D"]
position = Vector2( 11.8777, -2.27209 )
script = ExtResource( 1 )

[node name="room" type="Sprite" parent="."]
position = Vector2( 1122.3, 198.171 )
texture = ExtResource( 2 )
__meta__ = {
"_edit_lock_": true
}

[node name="Bot" parent="room" instance=ExtResource( 3 )]
position = Vector2( 66.4309, 239.268 )
scale = Vector2( 0.3, 0.3 )

[node name="Area2D" type="Area2D" parent="room"]
__meta__ = {
"_edit_lock_": true
}

[node name="CollisionPolygon2D" type="CollisionPolygon2D" parent="room/Area2D"]
position = Vector2( 850.058, -244.054 )
polygon = PoolVector2Array( -1050.67, 473.475, -1009.61, 399.791, -623.642, 395.339, -387.632, 548.247, -1150.67, 544.001 )

[node name="Door" type="Node2D" parent="room"]
editor/display_folded = true
script = ExtResource( 4 )
__meta__ = {
"_edit_lock_": true
}

[node name="Area2D" type="Area2D" parent="room/Door"]
position = Vector2( 304.708, 240.442 )

[node name="CollisionPolygon2D" type="CollisionPolygon2D" parent="room/Door/Area2D"]
polygon = PoolVector2Array( -0.490112, -40.0916, 102.952, 27.5121, 135.532, -346.267, 6.02576, -329.977 )

[node name="Position2D" type="Position2D" parent="room/Door"]
position = Vector2( 310.325, 241.907 )

[node name="Mat" type="Node2D" parent="room"]
script = ExtResource( 5 )
__meta__ = {
"_edit_lock_": true
}

[node name="Area2D" type="Area2D" parent="room/Mat"]
position = Vector2( 310.325, 241.907 )

[node name="CollisionPolygon2D" type="CollisionPolygon2D" parent="room/Mat/Area2D"]
polygon = PoolVector2Array( -85.505, -13.2413, -11.5441, -40.0333, 99.3973, 36.5691, 9.58765, 77.7004 )

[node name="Position2D" type="Position2D" parent="room/Mat"]
position = Vector2( 240.893, 261.529 )

[node name="Poster" type="Node2D" parent="room"]
script = ExtResource( 6 )
__meta__ = {
"_edit_lock_": true
}

[node name="Area2D" type="Area2D" parent="room/Poster"]

[node name="CollisionPolygon2D" type="CollisionPolygon2D" parent="room/Poster/Area2D"]
polygon = PoolVector2Array( 1.53491, -132.784, 32.8938, -67.1392, 37.4932, -36.1985, 24.5315, 6.03148, 19.514, 16.4844, 106.483, 32.791, 205.159, 36.5541, 217.702, 12.7214, 217.702, -35.7803, 222.719, -99.3343, 218.538, -125.258, 144.95, -127.766, 87.6674, -134.038, 37.4932, -141.564, 10.7336, -143.237 )

[node name="Position2D" type="Position2D" parent="room/Poster"]
position = Vector2( 115.401, 170.592 )

[node name="Hole" type="Node2D" parent="room"]
position = Vector2( 155.824, 170.592 )
script = ExtResource( 7 )
__meta__ = {
"_edit_group_": true
}

[node name="Area2D" type="Area2D" parent="room/Hole"]

[node name="CollisionShape2D" type="CollisionShape2D" parent="room/Hole/Area2D"]
position = Vector2( -10, -36.491 )
shape = SubResource( 1 )

[node name="Position2D" type="Position2D" parent="room/Hole"]

[node name="startpas" type="Sprite" parent="."]
position = Vector2( 1231.49, 214.194 )
scale = Vector2( 0.832963, 1 )
texture = ExtResource( 8 )

[node name="AudioStreamPlayer" type="AudioStreamPlayer" parent="."]
stream = ExtResource( 9 )
volume_db = -16.045
[connection signal="input_event" from="room/Area2D" to="." method="_OnClick"]
[connection signal="input_event" from="room/Door/Area2D" to="room/Door" method="_on_Area2D_input_event"]
[connection signal="mouse_entered" from="room/Door/Area2D" to="room/Door" method="_on_Area2D_mouse_entered"]
[connection signal="mouse_exited" from="room/Door/Area2D" to="room/Door" method="_on_Area2D_mouse_exited"]
[connection signal="input_event" from="room/Mat/Area2D" to="room/Mat" method="_on_Area2D_input_event"]
[connection signal="mouse_entered" from="room/Mat/Area2D" to="room/Mat" method="_on_Area2D_mouse_entered"]
[connection signal="mouse_exited" from="room/Mat/Area2D" to="room/Mat" method="_on_Area2D_mouse_exited"]
[connection signal="input_event" from="room/Poster/Area2D" to="room/Poster" method="_on_Area2D_input_event"]
[connection signal="mouse_entered" from="room/Poster/Area2D" to="room/Poster" method="_on_Area2D_mouse_entered"]
[connection signal="mouse_exited" from="room/Poster/Area2D" to="room/Poster" method="_on_Area2D_mouse_exited"]
[connection signal="input_event" from="room/Hole/Area2D" to="room/Hole" method="_on_Area2D_input_event"]
[connection signal="mouse_entered" from="room/Hole/Area2D" to="room/Hole" method="_on_Area2D_mouse_entered"]
[connection signal="mouse_exited" from="room/Hole/Area2D" to="room/Hole" method="_on_Area2D_mouse_exited"]
